%% Created for Prasanta Ghosh on -01-20


@article{aug01,
  author  = {Agnieszka Mikołajczyk and Michał Grochowski},
  journal = {2018 International Interdisciplinary PhD Workshop (IIPhDW)},
  title   = {Data augmentation for improving deep learning in image classification problem},
  month   = jun,
  year    = {2018}
}
@article{aug02,
  author  = {Adai Shomanov; Dina Kuchenchirekova; Andrey Kurenkov and Minho Lee},
  journal = {2022 IEEE International Conference on Systems, Man, and Cybernetics (SMC)},
  title   = {CT Image Classification Based on Stacked Ensemble Of Convolutional Neural Networks},
  month   = nov,
  year    = {2022}
}
