%% Created for Prasanta Ghosh on -01-20


@article{Davis80-COP,
  author  = {Steven B. Davis and Paul Mermelstein},
  journal = {IEEE Transactions on Acoustics, Speech and Signal Processing},
  number  = {4},
  pages   = {357--366},
  title   = {Comparison of Parametric Representation for Monosyllabic Word Recognition in Continuously Spoken Sentences},
  volume  = {28},
  month   = aug,
  year    = {1980}
}
